@online{Groupprops,
    author    = "Groupprops",
    title     = "Groups of Order 64",
    url       = "https://groupprops.subwiki.org/wiki/Groups_of_order_64",
}

